<record><leader>00000cas a2200000 i 4500</leader><controlfield tag="001">14223487</controlfield><controlfield tag="008">860916d194019uudcuwr ne      0    0eng c</controlfield><datafield ind1=" " ind2=" " tag="010"><subfield code="a">sn 86089011 </subfield></datafield><datafield ind1=" " ind2=" " tag="040"><subfield code="a">PPM</subfield><subfield code="b">eng</subfield><subfield code="e">rda</subfield><subfield code="c">PPM</subfield><subfield code="d">KNP</subfield><subfield code="d">OCL</subfield><subfield code="d">OCLCQ</subfield><subfield code="d">IUA</subfield><subfield code="d">OCLCO</subfield><subfield code="d">OCLCA</subfield><subfield code="d">NDD</subfield><subfield code="d">OCLCF</subfield><subfield code="d">OCL</subfield></datafield><datafield ind1=" " ind2=" " tag="042"><subfield code="a">msc</subfield></datafield><datafield ind1="1" ind2="4" tag="050"><subfield code="a">F391.O336</subfield></datafield><datafield ind1="0" ind2="4" tag="245"><subfield code="a">The W. Lee O'Daniel News.</subfield></datafield><datafield ind1=" " ind2="1" tag="264"><subfield code="3">&lt;1940-&gt; :</subfield><subfield code="a">Fort Worth, Tex. :</subfield><subfield code="b">W. Lee O'Daniel News</subfield></datafield><datafield ind1="2" ind2="1" tag="264"><subfield code="3">&lt;1942-&gt; :</subfield><subfield code="a">Austin, Tex. :</subfield><subfield code="b">W. Lee O'Daniel News</subfield></datafield><datafield ind1="2" ind2="1" tag="264"><subfield code="3">&lt;1943-&gt; :</subfield><subfield code="a">Fort Worth :</subfield><subfield code="b">W. Lee O'Daniel News</subfield></datafield><datafield ind1="3" ind2="1" tag="264"><subfield code="3">&lt;1944-&gt; :</subfield><subfield code="a">Washington, D.C. :</subfield><subfield code="b">W. Lee O'Daniel News</subfield></datafield><datafield ind1=" " ind2=" " tag="300"><subfield code="a">volumes :</subfield><subfield code="b">illustrations ;</subfield><subfield code="c">55 cm.</subfield></datafield><datafield ind1=" " ind2=" " tag="310"><subfield code="a">Weekly</subfield></datafield><datafield ind1=" " ind2=" " tag="336"><subfield code="a">text</subfield><subfield code="b">txt</subfield><subfield code="2">rdacontent</subfield></datafield><datafield ind1=" " ind2=" " tag="337"><subfield code="a">unmediated</subfield><subfield code="b">n</subfield><subfield code="2">rdamedia</subfield></datafield><datafield ind1=" " ind2=" " tag="338"><subfield code="a">volume</subfield><subfield code="b">nc</subfield><subfield code="2">rdacarrier</subfield></datafield><datafield ind1="1" ind2=" " tag="362"><subfield code="a">Began with: Vol. 1, no. 1 (April 8, 1940).</subfield></datafield><datafield ind1=" " ind2=" " tag="500"><subfield code="a">From masthead: "Ye shall know the truth, and the truth shall make you free. The Bible. "</subfield></datafield><datafield ind1=" " ind2=" " tag="500"><subfield code="a">From colophon: "The W. Lee O'Daniel News is dedicated to publishing the truth and nothing but the truth about the national government and to giving facts which are withheld from the public by a partisan-controlled press."</subfield></datafield><datafield ind1=" " ind2=" " tag="588"><subfield code="a">Description based on: Vol. 1, no. 1 (April 8, 1940); title from masthead.</subfield></datafield><datafield ind1=" " ind2=" " tag="588"><subfield code="a">Latest issue consulted: V. 5, no. 15 (October 9, 1945).</subfield></datafield><datafield ind1="1" ind2="0" tag="600"><subfield code="a">O'Daniel, W. Lee</subfield><subfield code="q">(Wilbert Lee),</subfield><subfield code="d">1890-1969</subfield><subfield code="v">Periodicals.</subfield></datafield><datafield ind1=" " ind2="0" tag="651"><subfield code="a">Texas</subfield><subfield code="x">Politics and government</subfield><subfield code="y">1865-1950</subfield><subfield code="v">Newspapers.</subfield></datafield><datafield ind1=" " ind2="0" tag="651"><subfield code="a">Austin (Tex.)</subfield><subfield code="v">Newspapers.</subfield></datafield><datafield ind1=" " ind2="0" tag="651"><subfield code="a">Fort Worth (Tex.)</subfield><subfield code="v">Newspapers.</subfield></datafield><datafield ind1=" " ind2="0" tag="651"><subfield code="a">Washington (D.C.)</subfield><subfield code="v">Newspapers.</subfield></datafield><datafield ind1="1" ind2="7" tag="600"><subfield code="a">O'Daniel, W. Lee</subfield><subfield code="q">(Wilbert Lee),</subfield><subfield code="d">1890-1969.</subfield><subfield code="2">fast</subfield><subfield code="0">(OCoLC)fst00464443</subfield></datafield><datafield ind1=" " ind2="7" tag="650"><subfield code="a">Politics and government.</subfield><subfield code="2">fast</subfield><subfield code="0">(OCoLC)fst01919741</subfield></datafield><datafield ind1=" " ind2="7" tag="651"><subfield code="a">Texas.</subfield><subfield code="2">fast</subfield><subfield code="0">(OCoLC)fst01210336</subfield></datafield><datafield ind1=" " ind2="7" tag="651"><subfield code="a">Texas</subfield><subfield code="z">Austin.</subfield><subfield code="2">fast</subfield><subfield code="0">(OCoLC)fst01204313</subfield></datafield><datafield ind1=" " ind2="7" tag="651"><subfield code="a">Texas</subfield><subfield code="z">Fort Worth.</subfield><subfield code="2">fast</subfield><subfield code="0">(OCoLC)fst01204692</subfield></datafield><datafield ind1=" " ind2="7" tag="651"><subfield code="a">Washington (D.C.)</subfield><subfield code="2">fast</subfield><subfield code="0">(OCoLC)fst01204505</subfield></datafield><datafield ind1=" " ind2="7" tag="648"><subfield code="a">1865-1950</subfield><subfield code="2">fast</subfield></datafield><datafield ind1=" " ind2="7" tag="655"><subfield code="a">Newspapers.</subfield><subfield code="2">fast</subfield><subfield code="0">(OCoLC)fst01423814</subfield></datafield><datafield ind1=" " ind2="7" tag="655"><subfield code="a">Periodicals.</subfield><subfield code="2">fast</subfield><subfield code="0">(OCoLC)fst01411641</subfield></datafield><datafield ind1="1" ind2=" " tag="700"><subfield code="a">O'Daniel, W. Lee</subfield><subfield code="q">(Wilbert Lee),</subfield><subfield code="d">1890-1969.</subfield></datafield><datafield ind1=" " ind2=" " tag="752"><subfield code="a">United States</subfield><subfield code="b">Texas</subfield><subfield code="c">Tarrant</subfield><subfield code="d">Fort Worth.</subfield></datafield><datafield ind1=" " ind2=" " tag="752"><subfield code="a">United States</subfield><subfield code="b">Texas</subfield><subfield code="c">Travis</subfield><subfield code="d">Austin.</subfield></datafield><datafield ind1=" " ind2=" " tag="752"><subfield code="a">United States</subfield><subfield code="b">District of Columbia</subfield><subfield code="d">Washington.</subfield></datafield><datafield ind1="1" ind2=" " tag="029"><subfield code="a">AU@</subfield><subfield code="b">000025838472</subfield></datafield></record>